@article{patney2016towards,
  title={Towards foveated rendering for gaze-tracked virtual reality},
  author={Patney, Anjul and Salvi, Marco and Kim, Joohwan and Kaplanyan, Anton and Wyman, Chris and Benty, Nir and Luebke, David and Lefohn, Aaron},
  journal={ACM Transactions on Graphics (TOG)},
  volume={35},
  number={6},
  pages={1--12},
  year={2016},
  publisher={ACM New York, NY, USA}
}

@article{albert2017latency,
  title={Latency requirements for foveated rendering in virtual reality},
  author={Albert, Rachel and Patney, Anjul and Luebke, David and Kim, Joohwan},
  journal={ACM Transactions on Applied Perception (TAP)},
  volume={14},
  number={4},
  pages={1--13},
  year={2017},
  publisher={ACM New York, NY, USA}
}

@inproceedings{weier2016foveated,
  title={Foveated real-time ray tracing for head-mounted displays},
  author={Weier, Martin and Roth, Thorsten and Kruijff, Ernst and Hinkenjann, Andr{\'e} and P{\'e}rard-Gayot, Ars{\`e}ne and Slusallek, Philipp and Li, Yongmin},
  booktitle={Computer Graphics Forum},
  volume={35},
  number={7},
  pages={289--298},
  year={2016},
  organization={Wiley Online Library}
}

@article{wang2023foveated,
  title={Foveated rendering: A state-of-the-art survey},
  author={Wang, Lili and Shi, Xuehuai and Liu, Yi},
  journal={Computational Visual Media},
  volume={9},
  number={2},
  pages={195--228},
  year={2023},
  publisher={Springer}
}

@article{mohanto2022integrative,
  title={An integrative view of foveated rendering},
  author={Mohanto, Bipul and Islam, ABM Tariqul and Gobbetti, Enrico and Staadt, Oliver},
  journal={Computers \& Graphics},
  volume={102},
  pages={474--501},
  year={2022},
  publisher={Elsevier}
}

@article{guenter2012foveated,
  title={Foveated 3D graphics},
  author={Guenter, Brian and Finch, Mark and Drucker, Steven and Tan, Desney and Snyder, John},
  journal={ACM transactions on Graphics (tOG)},
  volume={31},
  number={6},
  pages={1--10},
  year={2012},
  publisher={ACM New York, NY, USA}
}

@inproceedings{levoy1990gaze,
  title={Gaze-directed volume rendering},
  author={Levoy, Marc and Whitaker, Ross},
  booktitle={Proceedings of the 1990 symposium on interactive 3d graphics},
  pages={217--223},
  year={1990}
}

@article{pumphrey1948theory,
  title={The theory of the fovea},
  author={Pumphrey, Richard J},
  journal={Journal of Experimental Biology},
  volume={25},
  number={3},
  pages={299--312},
  year={1948},
  publisher={The Company of Biologists Ltd}
}

@article{arendt2003evolution,
  title={Evolution of eyes and photoreceptor cell types.},
  author={Arendt, Detlev},
  journal={International Journal of Developmental Biology},
  volume={47},
  number={7-8},
  pages={563--571},
  year={2003},
  publisher={Citeseer}
}

@article{weber2009implementations,
  title={Implementations and implications of foveated vision},
  author={Weber, Cornelius and Triesch, Jochen},
  journal={Recent Patents on Computer Science},
  volume={2},
  number={1},
  pages={75--85},
  year={2009},
  publisher={Bentham Science Publishers}
}

@inproceedings{waltemate2016impact,
  title={The impact of latency on perceptual judgments and motor performance in closed-loop interaction in virtual reality},
  author={Waltemate, Thomas and Senna, Irene and H{\"u}lsmann, Felix and Rohde, Marieke and Kopp, Stefan and Ernst, Marc and Botsch, Mario},
  booktitle={Proceedings of the 22nd ACM conference on virtual reality software and technology},
  pages={27--35},
  year={2016}
}

@inproceedings{raaen2015measuring,
  title={Measuring latency in virtual reality systems},
  author={Raaen, Kjetil and Kjellmo, Ivar},
  booktitle={Entertainment Computing-ICEC 2015: 14th International Conference, ICEC 2015, Trondheim, Norway, September 29-Ocotober 2, 2015, Proceedings 14},
  pages={457--462},
  year={2015},
  organization={Springer}
}

@misc{young2020optimized,
  title={Optimized shadows in a foveated rendering system},
  author={Young, Andrew and Ho, Chris and Stafford, Jeffrey Roger},
  year={2020},
  month=may # "~12",
  publisher={Google Patents},
  note={US Patent 10,650,544}
}

@article{guenter2012foveated,
  title={Foveated 3D graphics},
  author={Guenter, Brian and Finch, Mark and Drucker, Steven and Tan, Desney and Snyder, John},
  journal={ACM transactions on Graphics (tOG)},
  volume={31},
  number={6},
  pages={1--10},
  year={2012},
  publisher={ACM New York, NY, USA}
}

@article{mohanto2022integrative,
  title={An integrative view of foveated rendering},
  author={Mohanto, Bipul and Islam, ABM Tariqul and Gobbetti, Enrico and Staadt, Oliver},
  journal={Computers \& Graphics},
  volume={102},
  pages={474--501},
  year={2022},
  publisher={Elsevier}
}

@inproceedings{ohshima1996gaze,
  title={Gaze-directed adaptive rendering for interacting with virtual space},
  author={Ohshima, Toshikazu and Yamamoto, Hiroyuki and Tamura, Hideyuki},
  booktitle={Proceedings of the IEEE 1996 Virtual Reality Annual International Symposium},
  pages={103--110},
  year={1996},
  organization={IEEE}
}

@article{fujita2014foveated,
  title={Foveated real-time ray tracing for virtual reality headset},
  author={Fujita, Masahiro and Harada, Takahiro},
  journal={Light Transport Entertainment Research},
  volume={3},
  year={2014}
}

@inproceedings{li2020optical,
  title={Optical gaze tracking with spatially-sparse single-pixel detectors},
  author={Li, Richard and Whitmire, Eric and Stengel, Michael and Boudaoud, Ben and Kautz, Jan and Luebke, David and Patel, Shwetak and Ak{\c{s}}it, Kaan},
  booktitle={2020 IEEE international symposium on mixed and augmented reality (ISMAR)},
  pages={117--126},
  year={2020},
  organization={IEEE}
}

@article{koskela2018instantaneous,
  title={Instantaneous foveated preview for progressive Monte Carlo rendering},
  author={Koskela, Matias K and Immonen, Kalle V and Viitanen, Timo T and J{\"a}{\"a}skel{\"a}inen, Pekka O and Multanen, Joonas I and Takala, Jarmo H},
  journal={Computational Visual Media},
  volume={4},
  pages={267--276},
  year={2018},
  publisher={Springer}
}

@article{stein2021comparison,
  title={A comparison of eye tracking latencies among several commercial head-mounted displays},
  author={Stein, Niklas and Niehorster, Diederick C and Watson, Tamara and Steinicke, Frank and Rifai, Katharina and Wahl, Siegfried and Lappe, Markus},
  journal={i-Perception},
  volume={12},
  number={1},
  pages={2041669520983338},
  year={2021},
  publisher={Sage Publications Sage UK: London, England}
}

@article{ehinger2019new,
  title={A new comprehensive eye-tracking test battery concurrently evaluating the Pupil Labs glasses and the EyeLink 1000},
  author={Ehinger, Benedikt V and Gro{\ss}, Katharina and Ibs, Inga and K{\"o}nig, Peter},
  journal={PeerJ},
  volume={7},
  pages={e7086},
  year={2019},
  publisher={PeerJ Inc.}
}
